<record><leader>00000cas a22000007a 4500</leader><controlfield tag="001">18104678</controlfield><controlfield tag="008">880617d19141922nduwr ne      0    0eng d</controlfield><datafield ind1=" " ind2=" " tag="010"><subfield code="a">sn 87096026 </subfield></datafield><datafield ind1=" " ind2=" " tag="040"><subfield code="a">NOP</subfield><subfield code="b">eng</subfield><subfield code="c">NOP</subfield><subfield code="d">OCLCQ</subfield></datafield><datafield ind1=" " ind2=" " tag="042"><subfield code="a">msc</subfield></datafield><datafield ind1="0" ind2="0" tag="245"><subfield code="a">Van Hook tribune.</subfield></datafield><datafield ind1=" " ind2=" " tag="260"><subfield code="a">Van Hook, N.D. :</subfield><subfield code="b">Geo. J. Smith</subfield></datafield><datafield ind1=" " ind2=" " tag="300"><subfield code="a">9 v. :</subfield><subfield code="b">ill.</subfield></datafield><datafield ind1=" " ind2=" " tag="310"><subfield code="a">Weekly</subfield></datafield><datafield ind1="1" ind2=" " tag="362"><subfield code="a">Began in 1914.</subfield></datafield><datafield ind1="0" ind2=" " tag="362"><subfield code="a">-v. 9, no. 12 (Sept. 29, 1922).</subfield></datafield><datafield ind1=" " ind2=" " tag="500"><subfield code="a">"Official Paper Mountrail County."</subfield></datafield><datafield ind1=" " ind2=" " tag="530"><subfield code="a">Available on microfilm from the State Historical Society of North Dakota.</subfield></datafield><datafield ind1=" " ind2=" " tag="588"><subfield code="a">Description based on: Vol. 1, no. 17 (Nov. 12, 1914).</subfield></datafield><datafield ind1=" " ind2=" " tag="752"><subfield code="a">United States</subfield><subfield code="b">North Dakota</subfield><subfield code="c">Mountrail</subfield><subfield code="d">Van Hook.</subfield></datafield><datafield ind1="0" ind2="5" tag="780"><subfield code="t">Mountrail County independent</subfield><subfield code="w">(DLC)sn 87096024</subfield></datafield><datafield ind1="0" ind2="5" tag="780"><subfield code="t">Van Hook journal</subfield><subfield code="w">(DLC)sn 88076203</subfield></datafield><datafield ind1="0" ind2="4" tag="785"><subfield code="t">Van Hook reporter</subfield><subfield code="w">(DLC)sn 88076039</subfield></datafield><datafield ind1="1" ind2=" " tag="029"><subfield code="a">AU@</subfield><subfield code="b">000025789653</subfield></datafield></record>